@article{Calvert1976,
  doi       = {10.1109/tsmc.1976.5409179},
  url       = {https://doi.org/10.1109/tsmc.1976.5409179},
  year      = {1976},
  month     = feb,
  publisher = {Institute of Electrical and Electronics Engineers ({IEEE})},
  volume    = {{SMC}-6},
  number    = {2},
  pages     = {94--102},
  author    = {Eric W. Banister and Thomas W. Calvert and Margaret V. Savage and Tim Bach},
  title     = {A Systems Model of the Effects of Training on Physical Performance},
  journal   = {{IEEE} Transactions on Systems,  Man,  and Cybernetics}
}
@phdthesis{Churchill2014,
  title  = {Modelling Athletic Training And Performance},
  author = {Churchill, Tania},
  year   = {2014},
  school = {University of Canberra, Australian Capital Territory, Australia}
}
@article{Edelmannnusser2002,
  doi       = {10.1080/17461390200072201},
  url       = {https://doi.org/10.1080/17461390200072201},
  year      = {2002},
  month     = apr,
  publisher = {Informa {UK} Limited},
  volume    = {2},
  number    = {2},
  pages     = {1--10},
  author    = {J\"{u}rgen Edelmann-nusser and Andreas Hohmann and Bernd Henneberg},
  title     = {Modeling and prediction of competitive performance in swimming upon neural networks},
  journal   = {European Journal of Sport Science}
}
@article{S2002,
  doi       = {10.1007/s00421-002-0699-9},
  url       = {https://doi.org/10.1007/s00421-002-0699-9},
  year      = {2002},
  month     = dec,
  publisher = {Springer Science and Business Media {LLC}},
  volume    = {88},
  number    = {3},
  pages     = {243--246},
  author    = {Stephen A. Ingham and Greg P. Whyte and K. Jones and Alan M. Nevill},
  title     = {Determinants of 2, 000 m rowing ergometer performance in elite rowers},
  journal   = {European Journal of Applied Physiology}
} 